% Yaohua
@inproceedings{balikas2016topic,
  title={On a topic model for sentences},
  author={Balikas, Georgios and Amini, Massih-Reza and Clausel, Marianne},
  booktitle={Proceedings of the 39th International ACM SIGIR conference on Research and Development in Information Retrieval},
  pages={921--924},
  year={2016},
  organization={ACM}
}


@inproceedings{kim-2014-convolutional,
    title = "Convolutional Neural Networks for Sentence Classification",
    author = "Kim, Yoon",
    booktitle = "Proceedings of the 2014 Conference on Empirical Methods in Natural Language Processing ({EMNLP})",
    month = oct,
    year = "2014",
    address = "Doha, Qatar",
    publisher = "Association for Computational Linguistics",
    url = "https://www.aclweb.org/anthology/D14-1181",
    doi = "10.3115/v1/D14-1181",
    pages = "1746--1751",
}

@inproceedings{lai2015recurrent,
  title={Recurrent convolutional neural networks for text classification},
  author={Lai, Siwei and Xu, Liheng and Liu, Kang and Zhao, Jun},
  booktitle={Twenty-ninth AAAI conference on artificial intelligence},
  year={2015}
}

@inproceedings{yang2016hierarchical,
  title={Hierarchical attention networks for document classification},
  author={Yang, Zichao and Yang, Diyi and Dyer, Chris and He, Xiaodong and Smola, Alex and Hovy, Eduard},
  booktitle={Proceedings of the 2016 conference of the North American chapter of the association for computational linguistics: human language technologies},
  pages={1480--1489},
  year={2016}
}

% Kaixiang
% POMDP survey
@article{young2013pomdp,
  title={{POMDP}-based statistical spoken dialog systems: A review},
  author={Young, Steve and Ga{\v{s}}i{\'c}, Milica and Thomson, Blaise and Williams, Jason D},
  journal={Proceedings of the IEEE},
  volume={101},
  number={5},
  pages={1160--1179},
  year={2013}
}

% Dialog generation
@inproceedings{sutskever2014sequence,
  title={Sequence to sequence learning with neural networks},
  author={Sutskever, Ilya and Vinyals, Oriol and Le, Quoc V},
  booktitle={Advances in Neural Information Processing Systems 27},
  pages={3104--3112},
  year={2014}
}

@article{shang2015neural,
  title={Neural responding machine for short-text conversation},
  author={Shang, Lifeng and Lu, Zhengdong and Li, Hang},
  journal={arXiv preprint arXiv:1503.02364},
  year={2015}
}
%% Multi-round dialogue generation
@inproceedings{serban2016building,
  title={Building end-to-end dialogue systems using generative hierarchical neural network models},
  author={Serban, Iulian V and Sordoni, Alessandro and Bengio, Yoshua and Courville, Aaron and Pineau, Joelle},
  booktitle={Proceedings of the 30th AAAI Conference on Artificial Intelligence (AAAI-16)},
  year={2016}
}
@article{serban2016hierarchical,
  title={A Hierarchical Latent Variable Encoder-Decoder Model for Generating Dialogues},
  author={Serban, Iulian Vlad and Sordoni, Alessandro and Lowe, Ryan and Charlin, Laurent and Pineau, Joelle and Courville, Aaron and Bengio, Yoshua},
  journal={arXiv preprint arXiv:1605.06069},
  year={2016}
}

@inproceedings{young2007hidden,
  title={The hidden information state approach to dialog management},
  author={Young, Steve and Schatzmann, Jost and Weilhammer, Karl and Ye, Hui},
  booktitle={2007 IEEE International Conference on Acoustics, Speech and Signal Processing-ICASSP'07},
  volume={4},
  pages={IV--149},
  year={2007},
  organization={IEEE}
}

@inproceedings{henderson2014robust,
  title={Robust dialog state tracking using delexicalised recurrent neural networks and unsupervised adaptation},
  author={Henderson, Matthew and Thomson, Blaise and Young, Steve},
  booktitle={Spoken Language Technology Workshop (SLT), 2014 IEEE},
  pages={360--365},
  year={2014},
  organization={IEEE}
}

@inproceedings{henderson2014word,
  title={Word-based dialog state tracking with recurrent neural networks},
  author={Henderson, Matthew and Thomson, Blaise and Young, Steve},
  booktitle={Proceedings of the 15th Annual Meeting of the Special Interest Group on Discourse and Dialogue (SIGDIAL)},
  pages={292--299},
  year={2014}
}

@book{sutton1998reinforcement,
  title={Reinforcement learning: An introduction},
  author={Sutton, Richard S and Barto, Andrew G},
  volume={1},
  number={1},
  year={1998},
  publisher={MIT press Cambridge}
}

% Q-learning
@phdthesis{watkins1989learning,
  title={Learning from delayed rewards},
  author={Watkins, Christopher John Cornish Hellaby},
  year={1989},
  school={University of Cambridge England}
}

@article{wen2015stochastic,
  title={Stochastic language generation in dialogue using recurrent neural networks with convolutional sentence reranking},
  author={Wen, Tsung-Hsien and Gasic, Milica and Kim, Dongho and Mrksic, Nikola and Su, Pei-Hao and Vandyke, David and Young, Steve},
  journal={arXiv preprint arXiv:1508.01755},
  year={2015}
}

@article{wen2015semantically,
  title={Semantically conditioned lstm-based natural language generation for spoken dialogue systems},
  author={Wen, Tsung-Hsien and Gasic, Milica and Mrksic, Nikola and Su, Pei-Hao and Vandyke, David and Young, Steve},
  journal={arXiv preprint arXiv:1508.01745},
  year={2015}
}

